<?xml version="1.0" encoding="UTF-8"?><collection xmlns="http://www.loc.gov/MARC21/slim"><record><leader>00467nam--2200169-i-4500</leader><controlfield tag="001">000007661</controlfield><controlfield tag="002">20161230</controlfield><controlfield tag="005">20170304144000</controlfield><controlfield tag="008">060222s1000------------r-----000-0-eng-d</controlfield><datafield ind1=" " ind2=" " tag="100"><subfield code="a">Cros, R. C</subfield></datafield><datafield ind1=" " ind2=" " tag="245"><subfield code="a">L automatisation des recherches documentaires. Un modele general le syntol</subfield></datafield><datafield ind1=" " ind2=" " tag="260"><subfield code="a">Paris</subfield><subfield code="b">Gauthier-villars</subfield><subfield code="c">1964</subfield></datafield><datafield ind1=" " ind2=" " tag="300"><subfield code="a">260 p</subfield></datafield><datafield ind1=" " ind2=" " tag="490"><subfield code="a">Documentation Et Information</subfield></datafield><datafield ind1=" " ind2=" " tag="700"><subfield code="a">Gardin, J. C</subfield></datafield><datafield ind1=" " ind2=" " tag="852"><subfield code="a">002</subfield></datafield><datafield ind1=" " ind2=" " tag="CAT"><subfield code="a">SYS</subfield><subfield code="c">20170304</subfield><subfield code="h">144000</subfield></datafield></record></collection>